@INPROCEEDINGS{Geiger2011IV,
  author = {Andreas Geiger and Julius Ziegler and Christoph Stiller},
  title = {StereoScan: Dense 3d Reconstruction in Real-time},
  booktitle = {Intelligent Vehicles Symposium (IV)},
  year = {2011}
}
@INPROCEEDINGS{Harris88acombined,
    author = {Chris Harris and Mike Stephens},
    title = {A combined corner and edge detector},
    booktitle = {In Proc. of Fourth Alvey Vision Conference},
    year = {1988},
    pages = {147--151}
}
@INPROCEEDINGS{Shi94goodfeatures,
    author = {Jianbo Shi and Carlo Tomasi},
    title = {Good Features to Track},
    booktitle = {},
    year = {1994},
    pages = {593--600}
}
@ARTICLE{Maimone07twoyears,
    author = {Mark Maimone and Yang Cheng and Larry Matthies},
    title = {Two years of visual odometry on the Mars Exploration Rovers},
    journal = {Journal of Field Robotics, Special Issue on Space Robotics},
    year = {2007},
    volume = {24},
    pages = {2007}
}
@phdthesis{Moravec:1980:OAN:909315,
 author = {Moravec, Hans Peter},
 title = {Obstacle Avoidance and Navigation in the Real World by a Seeing Robot Rover},
 year = {1980},
 note = {AAI8024717},
 publisher = {Stanford University},
 address = {Stanford, CA, USA},
}
@MISC{Matthies87errormodeling,
    author = {L. Matthies and S.A. Shafer},
    title = {Error Modeling in Stereo Navigation},
    year = {1987}
}
@phdthesis{Matthies:1989:DSV:916891,
 author = {Matthies, Larry Henry},
 title = {Dynamic Stereo Vision},
 year = {1989},
 note = {AAI9023429},
 publisher = {Carnegie Mellon University},
 address = {Pittsburgh, PA, USA},
} 

@article{olson2003rover,
  title={Rover navigation using stereo ego-motion},
  author={Olson, Clark F and Matthies, Larry H and Schoppers, Marcel and Maimone, Mark W},
  journal={Robotics and Autonomous Systems},
  volume={43},
  number={4},
  pages={215--229},
  year={2003},
  publisher={Elsevier}
}
@inproceedings{zhang1988analysis,
  title={Analysis of a sequence of stereo scenes containing multiple moving objects using rigidity constraints},
  author={Zhang, Zhengyou and Faugeras, Olivier D and Ayache, Nicholas},
  booktitle={Computer Vision., Second International Conference on},
  pages={177--186},
  year={1988},
  organization={IEEE}
}
@inproceedings{lacroix1999rover,
  title={Rover self localization in planetary-like environments},
  author={Lacroix, Simon and Mallet, Anthony and Chatila, Raja and Gallo, Laurent},
  booktitle={Artificial Intelligence, Robotics and Automation in Space},
  volume={440},
  pages={433},
  year={1999}
}
@article{nister2004efficient,
  title={An efficient solution to the five-point relative pose problem},
  author={Nist{\'e}r, David},
  journal={Pattern Analysis and Machine Intelligence, IEEE Transactions on},
  volume={26},
  number={6},
  pages={756--770},
  year={2004},
  publisher={IEEE}
}
@inproceedings{nister2004visual,
  title={Visual odometry},
  author={Nist{\'e}r, David and Naroditsky, Oleg and Bergen, James},
  booktitle={Computer Vision and Pattern Recognition, 2004. CVPR 2004. Proceedings of the 2004 IEEE Computer Society Conference on},
  volume={1},
  pages={I--652},
  year={2004},
  organization={IEEE}
}
@article{nister2006visual,
  title={Visual odometry for ground vehicle applications},
  author={Nist{\'e}r, David and Naroditsky, Oleg and Bergen, James},
  journal={Journal of Field Robotics},
  volume={23},
  number={1},
  pages={3--20},
  year={2006},
  publisher={Wiley Online Library}
}
@inproceedings{mccarthy2004performance,
  title={Performance of optical flow techniques for indoor navigation with a mobile robot},
  author={McCarthy, Chris and Bames, Nick},
  booktitle={Robotics and Automation, 2004. Proceedings. ICRA'04. 2004 IEEE International Conference on},
  volume={5},
  pages={5093--5098},
  year={2004},
  organization={IEEE}
}
@inproceedings{vassallo2002general,
  title={A general approach for egomotion estimation with omnidirectional images},
  author={Vassallo, Raquel Frizera and Santos-Victor, Jose and Schneebeli, Hans Jorg},
  booktitle={Omnidirectional Vision, 2002. Proceedings. Third Workshop on},
  pages={97--103},
  year={2002},
  organization={IEEE}
}
@inproceedings{gluckman1998ego,
  title={Ego-motion and omnidirectional cameras},
  author={Gluckman, Joshua and Nayar, Shree K},
  booktitle={Computer Vision, 1998. Sixth International Conference on},
  pages={999--1005},
  year={1998},
  organization={IEEE}
}
@inproceedings{corke2004omnidirectional,
  title={Omnidirectional visual odometry for a planetary rover},
  author={Corke, Peter and Strelow, Dennis and Singh, Sanjiv},
  booktitle={Intelligent Robots and Systems, 2004.(IROS 2004). Proceedings. 2004 IEEE/RSJ International Conference on},
  volume={4},
  pages={4007--4012},
  year={2004},
  organization={IEEE}
}
@INPROCEEDINGS{Geiger2012CVPR,
  author = {Andreas Geiger and Philip Lenz and Raquel Urtasun},
  title = {Are we ready for Autonomous Driving? The KITTI Vision Benchmark Suite},
  booktitle = {Conference on Computer Vision and Pattern	Recognition (CVPR)},
  year = {2012}
} 
@inproceedings{orguner2007statistical,
  title={Statistical characteristics of harris corner detector},
  author={Orguner, Umut and Gustafsson, Fredrik}
}
@article{matthies1989dynamic,
  title={Dynamic stereo vision},
  author={Matthies, Larry Henry},
  year={1989},
  publisher={Carnegie Mellon University}
}